
  <record>
    <leader>-----nam-a22-----z--4500</leader>
    <controlfield tag="001">99188091309306381</controlfield>
    <controlfield tag="008">241015u2024uuuuuuuuu-|-o----u|----|eng-d</controlfield>
    <datafield tag="020" ind1=" " ind2=" ">
      <subfield code="a">0-472-90459-0</subfield>
    </datafield>
    <datafield tag="035" ind1=" " ind2=" ">
      <subfield code="a">(CKB)5600000000878751</subfield>
    </datafield>
    <datafield tag="035" ind1=" " ind2=" ">
      <subfield code="a">(EXLCZ)995600000000878751</subfield>
    </datafield>
    <datafield tag="245" ind1="1" ind2="0">
      <subfield code="a">Teaching Difficult Topics: Reflections from the Undergraduate Music Classroom</subfield>
    </datafield>
    <datafield tag="246" ind1=" " ind2=" ">
      <subfield code="a">Teaching Difficult Topics</subfield>
    </datafield>
    <datafield tag="260" ind1=" " ind2=" ">
      <subfield code="b">University of Michigan Press</subfield>
    </datafield>
    <datafield tag="776" ind1=" " ind2=" ">
      <subfield code="z">0-472-07696-5</subfield>
    </datafield>
    <datafield tag="906" ind1=" " ind2=" ">
      <subfield code="a">BOOK</subfield>
    </datafield>
  </record>
</collection>
